<?xml version="1.0" encoding="UTF-8"?><record xmlns="http://www.loc.gov/MARC21/slim" xmlns:cinclude="http://apache.org/cocoon/include/1.0" xmlns:zs="http://www.loc.gov/zing/srw/">
  <leader>00998cz  a2200181n  4500</leader>
  <controlfield tag="001">n  82220778 </controlfield>
  <controlfield tag="003">DLC</controlfield>
  <controlfield tag="005">20081212075856.0</controlfield>
  <controlfield tag="008">830516n| acannaabn          |a ana      </controlfield>
  <datafield tag="010" ind1=" " ind2=" ">
    <subfield code="a">n  82220778 </subfield>
  </datafield>
  <datafield tag="035" ind1=" " ind2=" ">
    <subfield code="a">(OCoLC)oca00877529</subfield>
  </datafield>
  <datafield tag="040" ind1=" " ind2=" ">
    <subfield code="a">DLC</subfield>
    <subfield code="b">eng</subfield>
    <subfield code="c">DLC</subfield>
    <subfield code="d">OCoLC</subfield>
  </datafield>
  <datafield tag="110" ind1="2" ind2=" ">
    <subfield code="a">Virginia Employment Commission.</subfield>
    <subfield code="b">Office of Research &amp; Analysis</subfield>
  </datafield>
  <datafield tag="410" ind1="2" ind2=" ">
    <subfield code="a">Virginia Employment Commission.</subfield>
    <subfield code="b">Office of Research and Analysis</subfield>
  </datafield>
  <datafield tag="510" ind1="2" ind2=" ">
    <subfield code="w">b</subfield>
    <subfield code="a">Virginia Employment Commission.</subfield>
    <subfield code="b">Division of Research &amp; Analysis</subfield>
  </datafield>
  <datafield tag="670" ind1=" " ind2=" ">
    <subfield code="a">Occupational employment statistics, 1981 (a.e.)</subfield>
    <subfield code="b">t.p. (Office of Research &amp; Analysis, Virginia Employment Commission) pref. (Virginia Employment Commission, Office of Research and Analysis)</subfield>
  </datafield>
  <datafield tag="670" ind1=" " ind2=" ">
    <subfield code="a">Phone call to A. Saulker, 10/6/83</subfield>
    <subfield code="b">(name changed to Division of Research &amp; Analysis approx. Jan. 1983 from Office of Research &amp; Analysis)</subfield>
  </datafield>
  <datafield tag="675" ind1=" " ind2=" ">
    <subfield code="a">Wage survey of selected manufacturing occupations, 1982: t.p. (Division of Research &amp; Analysis, Virginia Employment Commission)</subfield>
  </datafield>
</record>